<?xml version="1.0" encoding="UTF-8"?><record xmlns="http://www.loc.gov/MARC21/slim" xmlns:cinclude="http://apache.org/cocoon/include/1.0" xmlns:zs="http://www.loc.gov/zing/srw/">
  <leader>00541nz  a2200157n  4500</leader>
  <controlfield tag="001">no2003127194</controlfield>
  <controlfield tag="003">DLC</controlfield>
  <controlfield tag="005">20031220071029.0</controlfield>
  <controlfield tag="008">031219n| acannaabn          |n ana     c</controlfield>
  <datafield tag="010" ind1=" " ind2=" ">
    <subfield code="a">no2003127194</subfield>
  </datafield>
  <datafield tag="035" ind1=" " ind2=" ">
    <subfield code="a">(OCoLC)oca06232469</subfield>
  </datafield>
  <datafield tag="040" ind1=" " ind2=" ">
    <subfield code="a">NcU</subfield>
    <subfield code="b">eng</subfield>
    <subfield code="c">NcU</subfield>
  </datafield>
  <datafield tag="130" ind1=" " ind2="0">
    <subfield code="a">Concrete cowboys (Television program)</subfield>
  </datafield>
  <datafield tag="670" ind1=" " ind2=" ">
    <subfield code="a">Concrete cowboys. "Eldorado," 1980.</subfield>
  </datafield>
  <datafield tag="670" ind1=" " ind2=" ">
    <subfield code="a">IMDb, December 9, 2003</subfield>
    <subfield code="b">(Concrete cowboys; 1981, [TV-series]</subfield>
  </datafield>
  <datafield tag="670" ind1=" " ind2=" ">
    <subfield code="a">Tvtome.com, December 9, 2003</subfield>
    <subfield code="b">(Concrete cowboys; first aired February 1981; last aired March 1981)</subfield>
  </datafield>
</record>